% BibTeX database for the paper asme2e.tex
%% bibtexfile{
%% author    =
"Harry H. Cheng",
%% version   =  "2",
%% date      =  "January  01,
2003",
%% filename  =  "asme2e.bib",
%% address   =  "Integration
Engineering Laboratory
%%              Department of Mechanical and
Aeronautical Engineering
%%              University of California
%%
     Davis, CA 95616",
%% telephone =  "(530) 752-5020 (office)
%%
    (530) 752-1028 (lab)
%%               (530) 752-4158 (Fax:)",
%% email
  =  "<hhcheng at ucdavis.edu>" }


@inproceedings{jebara1997stochasticks,
  title={Stochasticks: Augmenting the billiards experience with probabilistic vision and wearable computers},
  author={Jebara, Tony and Eyster, Cyrus and Weaver, Joshua and Starner, Thad and Pentland, Alex},
  booktitle={Wearable Computers, 1997. Digest of Papers., First International Symposium on},
  pages={138--145},
  year={1997},
  organization={IEEE}
}

@inproceedings{mistry2009sixthsense,
  title={SixthSense: a wearable gestural interface},
  author={Mistry, Pranav and Maes, Pattie},
  booktitle={ACM SIGGRAPH ASIA 2009 Sketches},
  pages={11},
  year={2009},
  organization={ACM}
}

@article{chen2009if,
  title={If you’re not seeing data, you’re not seeing},
  author={Chen, Brian X},
  journal={Wired Magazine},
  pages={26--08},
  year={2009}
}

@article{tamura2001mixed,
  title={Mixed reality: Future dreams seen at the border between real and virtual worlds},
  author={Tamura, Hideyuki and Yamamoto, Hiroyuki and Katayama, Akihiro},
  journal={IEEE Computer Graphics and Applications},
  volume={21},
  number={6},
  pages={64--70},
  year={2001},
  publisher={IEEE}
}

@inproceedings{caudell1992augmented,
  title={Augmented reality: An application of heads-up display technology to manual manufacturing processes},
  author={Caudell, Thomas P and Mizell, David W},
  booktitle={System Sciences, 1992. Proceedings of the Twenty-Fifth Hawaii International Conference on},
  volume={2},
  pages={659--669},
  year={1992},
  organization={IEEE}
}

@article{schepercenter,
  title={Center for Latin American Studies, UC Berkeley},
  author={Scheper-Hughes, Nancy}
}

@article{kela2006accelerometer,
  title={Accelerometer-based gesture control for a design environment},
  author={Kela, Juha and Korpip{\"a}{\"a}, Panu and M{\"a}ntyj{\"a}rvi, Jani and Kallio, Sanna and Savino, Giuseppe and Jozzo, Luca and Di Marca, Sergio},
  journal={Personal and Ubiquitous Computing},
  volume={10},
  number={5},
  pages={285--299},
  year={2006},
  publisher={Springer}
}

@inproceedings{kim2009simulated,
  title={Simulated augmented reality windshield display as a cognitive mapping aid for elder driver navigation},
  author={Kim, SeungJun and Dey, Anind K},
  booktitle={Proceedings of the SIGCHI Conference on Human Factors in Computing Systems},
  pages={133--142},
  year={2009},
  organization={ACM}
}
@article{seungjun2006reliable,
  title={A reliable new 2-stage distributed interactive TGS system based on GIS database and augmented reality},
  author={Seungjun, KIM and Hojung, KIM and Seongeun, EOM and Mahalik, Nitaigour P and Byungha, AHN},
  journal={IEICE transactions on information and systems},
  volume={89},
  number={1},
  pages={98--105},
  year={2006},
  publisher={The Institute of Electronics, Information and Communication Engineers}
}

@inproceedings{kotranza2008virtual,
  title={Virtual human+ tangible interface= mixed reality human an initial exploration with a virtual breast exam patient},
  author={Kotranza, Aaron and Lok, Benjamin},
  booktitle={2008 IEEE Virtual Reality Conference},
  pages={99--106},
  year={2008},
  organization={IEEE}
}

@article{lee2008visualization,
  title={Visualization and interaction of pervasive services using context-aware augmented reality},
  author={Lee, Jae Yeol and Seo, Dong Woo and Rhee, Guewon},
  journal={Expert Systems with Applications},
  volume={35},
  number={4},
  pages={1873--1882},
  year={2008},
  publisher={Elsevier}
}

@article{stricker2001augmented,
  title={Augmented reality for exterior construction applications},
  author={Stricker, D and Klinker, G and Reiners, D},
  journal={Fundamentals of wearable computers and augmented reality},
  pages={379--427},
  year={2001}
}

@article{hughes2005mixed,
  title={Mixed reality in education, entertainment, and training},
  author={Hughes, Charles E and Stapleton, Christopher B and Hughes, Darin E and Smith, Eileen M},
  journal={IEEE computer graphics and applications},
  volume={25},
  number={6},
  pages={24--30},
  year={2005},
  publisher={IEEE}
}

@inproceedings{vlahakis2001archeoguide,
  title={Archeoguide: first results of an augmented reality, mobile computing system in cultural heritage sites},
  author={Vlahakis, Vassilios and Karigiannis, John and Tsotros, Manolis and Gounaris, Michael and Almeida, Luis and Stricker, Didier and Gleue, Tim and Christou, Ioannis T and Carlucci, Renzo and Ioannidis, Nikos},
  booktitle={Virtual Reality, Archeology, and Cultural Heritage},
  pages={131--140},
  year={2001}
}
